% Encoding: UTF-8

@Article{Morishita2014,
  author    = {Soichiro Morishita and Keita Sato and Hidenori Watanabe and Yukio Nishimura and Tadashi Isa and Ryu Kato and Tatsuhiro Nakamura and Hiroshi Yokoi},
  title     = {Brain-machine interface to control a prosthetic arm with monkey {ECoGs} during periodic movements},
  journal   = {Frontiers in Neuroscience},
  year      = {2014},
  volume    = {8},
  month     = {dec},
  doi       = {10.3389/fnins.2014.00417},
  publisher = {Frontiers Media {SA}},
}

@Article{Donoghue2008,
  author    = {John P. Donoghue},
  title     = {Bridging the Brain to the World: A Perspective on Neural Interface Systems},
  journal   = {Neuron},
  year      = {2008},
  volume    = {60},
  number    = {3},
  month     = {nov},
  pages     = {511--521},
  doi       = {10.1016/j.neuron.2008.10.037},
  publisher = {Elsevier {BV}},
}

@Article{Bundy2016,
  author    = {David T Bundy, Mrinal Pahwa, Nicholas Szrama, Eric C Leuthardt},
  title     = {Decoding three-dimensional reaching movements using electrocorticographic signals in humans},
  journal   = {Journal of Neural Engineering},
  year      = {2016},
  volume    = {13},
  number    = {2},
  month     = {feb},
  pages     = {026021},
  doi       = {10.1088/1741-2560/13/2/026021},
  publisher = {{IOP} Publishing},
}

@Article{Eliseyev2016,
  author    = {Andrey Eliseyev and Tetiana Aksenova},
  title     = {Penalized Multi-Way Partial Least Squares for Smooth Trajectory Decoding from Electrocorticographic ({ECoG}) Recording},
  journal   = {{PLOS} {ONE}},
  year      = {2016},
  editor    = {Dingguo Zhang},
  volume    = {11},
  number    = {5},
  month     = {may},
  pages     = {e0154878},
  doi       = {10.1371/journal.pone.0154878},
  publisher = {Public Library of Science ({PLoS})},
}

@Article{Gaglianese2016,
  author    = {Anna Gaglianese and Ben M. Harvey and Mariska J. Vansteensel and Serge O. Dumoulin and Nick F. Ramsey and Natalia Petridou},
  title     = {Separate spatial and temporal frequency tuning to visual motion in human {MT}$\mathplus$ measured with {ECoG}},
  journal   = {Human Brain Mapping},
  year      = {2016},
  volume    = {38},
  number    = {1},
  month     = {sep},
  pages     = {293--307},
  doi       = {10.1002/hbm.23361},
  publisher = {Wiley},
}

@Article{Hu2018,
  author    = {Kejia Hu and Mohsen Jamali and Ziev B. Moses and Carlos A. Ortega and Gabriel N. Friedman and Wendong Xu and Ziv M. Williams},
  title     = {Decoding unconstrained arm movements in primates using high-density electrocorticography signals for brain-machine interface use},
  journal   = {Scientific Reports},
  year      = {2018},
  volume    = {8},
  number    = {1},
  month     = {jul},
  doi       = {10.1038/s41598-018-28940-7},
  publisher = {Springer Nature},
}

@InProceedings{Loza2017,
  author    = {Carlos A. Loza and Jose C. Principe},
  title     = {Unsupervised robust detection of behavioral correlates in {ECoG}},
  booktitle = {2017 8th International {IEEE}/{EMBS} Conference on Neural Engineering ({NER})},
  year      = {2017},
  publisher = {{IEEE}},
  month     = {may},
  doi       = {10.1109/ner.2017.8008401},
}

@InCollection{Sirven2014,
  author    = {J.I. Sirven},
  title     = {Electrocorticogram ({ECOG})},
  booktitle = {Encyclopedia of the Neurological Sciences},
  year      = {2014},
  publisher = {Elsevier},
  pages     = {1080--1083},
  doi       = {10.1016/b978-0-12-385157-4.00522-4},
}

@Article{Alexander2013,
  author    = {David M. Alexander and Peter Jurica and Chris Trengove and Andrey R. Nikolaev and Sergei Gepshtein and Mikhail Zvyagintsev and Klaus Mathiak and Andreas Schulze-Bonhage and Johanna Ruescher and Tonio Ball and Cees van Leeuwen},
  title     = {Traveling waves and trial averaging: The nature of single-trial and averaged brain responses in large-scale cortical signals},
  journal   = {{NeuroImage}},
  year      = {2013},
  volume    = {73},
  month     = {jun},
  pages     = {95--112},
  doi       = {10.1016/j.neuroimage.2013.01.016},
  publisher = {Elsevier {BV}},
}

@Article{Chin2007,
  author    = {C{\'{e}}sar M{\'{a}}rquez Chin and Milos R Popovic and Adam Thrasher and Tracy Cameron and Andres Lozano and Robert Chen},
  title     = {Identification of arm movements using correlation of electrocorticographic spectral components and kinematic recordings},
  journal   = {Journal of Neural Engineering},
  year      = {2007},
  volume    = {4},
  number    = {2},
  month     = {apr},
  pages     = {146--158},
  doi       = {10.1088/1741-2560/4/2/014},
  publisher = {{IOP} Publishing},
}

@Article{Eliseyev2014,
  author    = {Andrey Eliseyev and Tatiana Aksenova},
  title     = {Stable and artifact-resistant decoding of 3D hand trajectories from {ECoG} signals using the generalized additive model},
  journal   = {Journal of Neural Engineering},
  year      = {2014},
  volume    = {11},
  number    = {6},
  month     = {oct},
  pages     = {066005},
  doi       = {10.1088/1741-2560/11/6/066005},
  publisher = {{IOP} Publishing},
}

@Article{Motrenko2018,
  author    = {Anastasia Motrenko and Vadim Strijov},
  title     = {Multi-way feature selection for {ECoG}-based Brain-Computer Interface},
  journal   = {Expert Systems with Applications},
  year      = {2018},
  volume    = {114},
  month     = {dec},
  pages     = {402--413},
  doi       = {10.1016/j.eswa.2018.06.054},
  publisher = {Elsevier {BV}},
}

@InCollection{Rosipal2006,
  author    = {Roman Rosipal and Nicole Kr√§mer},
  title     = {Overview and Recent Advances in Partial Least Squares},
  booktitle = {Subspace, Latent Structure and Feature Selection},
  year      = {2006},
  publisher = {Springer Berlin Heidelberg},
  pages     = {34--51},
  doi       = {10.1007/11752790_2},
}

@InProceedings{Zhao2010,
  author    = {Hai-bin Zhao and Chun-yang Yu and Chong Liu and Hong Wang},
  title     = {{ECoG}-based brain-computer interface using relative wavelet energy and probabilistic neural network},
  booktitle = {2010 3rd International Conference on Biomedical Engineering and Informatics},
  year      = {2010},
  publisher = {{IEEE}},
  month     = {oct},
  doi       = {10.1109/bmei.2010.5639897},
}

@Article{Song2017,
  author    = {Yilin Song and Yao Wang and Jonathan Viventi},
  title     = {Unsupervised Learning of Spike Patterns for Seizure Detection and Wavefront Estimation of High Resolution Micro Electrocorticographic ( {\textdollar}{\textbackslash}mu {\textdollar} {ECoG}) Data},
  journal   = {{IEEE} Transactions on {NanoBioscience}},
  year      = {2017},
  volume    = {16},
  number    = {6},
  month     = {sep},
  pages     = {418--427},
  doi       = {10.1109/tnb.2017.2714460},
  publisher = {Institute of Electrical and Electronics Engineers ({IEEE})},
}

@InProceedings{Zhao2014,
  author    = {Rui Zhao and Gerwin Schalk and Qiang Ji},
  title     = {Coupled Hidden Markov Model for Electrocorticographic Signal Classification},
  booktitle = {2014 22nd International Conference on Pattern Recognition},
  year      = {2014},
  publisher = {{IEEE}},
  month     = {aug},
  doi       = {10.1109/icpr.2014.325},
}

@Article{rodriguez2010quadratic,
  author  = {Rodriguez-Lujan, I and Huerta, R and Elkan, C and Santa Cruz, C},
  title   = {Quadratic Programming Feature Selection},
  journal = {Journal of Machine Learning Research},
  year    = {2010},
}

@Article{Chao2010,
  author    = {Chao},
  title     = {Long-term asynchronous decoding of arm motion using electrocorticographic signals in monkey},
  journal   = {Frontiers in Neuroengineering},
  year      = {2010},
  doi       = {10.3389/fneng.2010.00003},
  publisher = {Frontiers Media {SA}},
}

@Article{Andrey2015,
  author    = {Eliseyev Andrey and Aksenova Tetiana},
  title     = {Recursive N-Way {PLS} for the adaptive multisession calibration of {ECoG} based {BCI} system},
  journal   = {Frontiers in Computational Neuroscience},
  year      = {2015},
  volume    = {9},
  doi       = {10.3389/conf.fncom.2015.56.00018},
  publisher = {Frontiers Media {SA}},
}

@Article{Shimoda2012,
  author    = {Kentaro Shimoda, Yasuo Nagasaka, Zenas C Chao, Naotaka Fujii},
  title     = {Decoding continuous three-dimensional hand trajectories from epidural electrocorticographic signals in Japanese macaques},
  journal   = {Journal of Neural Engineering},
  year      = {2012},
  volume    = {9},
  number    = {3},
  month     = {may},
  pages     = {036015},
  doi       = {10.1088/1741-2560/9/3/036015},
  publisher = {{IOP} Publishing},
}

@Article{Gerven2012,
  author    = {Marcel A J van Gerven and Zenas C Chao and Tom Heskes},
  title     = {On the decoding of intracranial data using sparse orthonormalized partial least squares},
  journal   = {Journal of Neural Engineering},
  year      = {2012},
  volume    = {9},
  number    = {2},
  month     = {mar},
  pages     = {026017},
  doi       = {10.1088/1741-2560/9/2/026017},
  publisher = {{IOP} Publishing},
}

@Article{Nakanishi2013,
  author    = {Yasuhiko Nakanishi and Takufumi Yanagisawa and Duk Shin and Ryohei Fukuma and Chao Chen and Hiroyuki Kambara and Natsue Yoshimura and Masayuki Hirata and Toshiki Yoshimine and Yasuharu Koike},
  title     = {Prediction of Three-Dimensional Arm Trajectories Based on {ECoG} Signals Recorded from Human Sensorimotor Cortex},
  journal   = {{PLoS} {ONE}},
  year      = {2013},
  editor    = {Maurice Ptito},
  volume    = {8},
  number    = {8},
  month     = {aug},
  pages     = {e72085},
  doi       = {10.1371/journal.pone.0072085},
  publisher = {Public Library of Science ({PLoS})},
}

@Article{Zhao2013,
  author    = {Qibin Zhao and C. F. Caiafa and D. P. Mandic and Z. C. Chao and Y. Nagasaka and N. Fujii and Liqing Zhang and A. Cichocki},
  title     = {Higher Order Partial Least Squares ({HOPLS}): A Generalized Multilinear Regression Method},
  journal   = {{IEEE} Transactions on Pattern Analysis and Machine Intelligence},
  year      = {2013},
  volume    = {35},
  number    = {7},
  month     = {jul},
  pages     = {1660--1673},
  doi       = {10.1109/tpami.2012.254},
  publisher = {Institute of Electrical and Electronics Engineers ({IEEE})},
}

@Article{Krishnan2011,
  author    = {Anjali Krishnan and Lynne J. Williams and Anthony Randal McIntosh and Herv{\'{e}} Abdi},
  title     = {Partial Least Squares ({PLS}) methods for neuroimaging: A tutorial and review},
  journal   = {{NeuroImage}},
  year      = {2011},
  volume    = {56},
  number    = {2},
  month     = {may},
  pages     = {455--475},
  doi       = {10.1016/j.neuroimage.2010.07.034},
  publisher = {Elsevier {BV}},
}

@Article{Zhao2013a,
  author    = {Qibin Zhao and Guoxu Zhou and Tulay Adali and Liqing Zhang and Andrzej Cichocki},
  title     = {Kernelization of Tensor-Based Models for Multiway Data Analysis: Processing of Multidimensional Structured Data},
  journal   = {{IEEE} Signal Processing Magazine},
  year      = {2013},
  volume    = {30},
  number    = {4},
  month     = {jul},
  pages     = {137--148},
  doi       = {10.1109/msp.2013.2255334},
  publisher = {Institute of Electrical and Electronics Engineers ({IEEE})},
}

@Article{Souza2014,
  author    = {Francisco A.A. Souza and Rui Ara{\'{u}}jo},
  title     = {Mixture of partial least squares experts and application in prediction settings with multiple operating modes},
  journal   = {Chemometrics and Intelligent Laboratory Systems},
  year      = {2014},
  volume    = {130},
  month     = {jan},
  pages     = {192--202},
  doi       = {10.1016/j.chemolab.2013.11.006},
  publisher = {Elsevier {BV}},
}

@Article{Eliseyev2013,
  author    = {Andrey Eliseyev and Tetiana Aksenova},
  title     = {Recursive N-Way Partial Least Squares for Brain-Computer Interface},
  journal   = {{PLoS} {ONE}},
  year      = {2013},
  editor    = {Derek Abbott},
  volume    = {8},
  number    = {7},
  month     = {jul},
  pages     = {e69962},
  doi       = {10.1371/journal.pone.0069962},
  publisher = {Public Library of Science ({PLoS})},
}

@Article{Dayal1997,
  author    = {Bhupinder S. Dayal and John F. MacGregor},
  title     = {Recursive exponentially weighted {PLS} and its applications to adaptive control and prediction},
  journal   = {Journal of Process Control},
  year      = {1997},
  volume    = {7},
  number    = {3},
  month     = {jan},
  pages     = {169--179},
  doi       = {10.1016/s0959-1524(97)80001-7},
  publisher = {Elsevier {BV}},
}

@Article{Zhao2014a,
  author    = {Qibin Zhao and Liqing Zhang and Andrzej Cichocki},
  title     = {Multilinear and nonlinear generalizations of partial least squares: an overview of recent advances},
  journal   = {Wiley Interdisciplinary Reviews: Data Mining and Knowledge Discovery},
  year      = {2014},
  volume    = {4},
  number    = {2},
  month     = {feb},
  pages     = {104--115},
  doi       = {10.1002/widm.1120},
  publisher = {Wiley},
}

@Article{2007a,
  author    = {Montgomery, Douglas C Peck, Elizabeth A Vining, G Geoffrey},
  title     = {Introduction to Linear Regression Analysis},
  journal   = {International Statistical Review},
  year      = {2013},
  volume    = {49},
  number    = {2},
  month     = {may},
  pages     = {232--233},
  doi       = {10.1198/tech.2007.s499},
  publisher = {Informa {UK} Limited},
}

@Article{Abdi2010,
  author    = {Herv{\'{e}} Abdi},
  title     = {Partial least squares regression and projection on latent structure regression ({PLS} Regression)},
  journal   = {Wiley Interdisciplinary Reviews: Computational Statistics},
  year      = {2010},
  volume    = {2},
  number    = {1},
  month     = {jan},
  pages     = {97--106},
  doi       = {10.1002/wics.51},
  publisher = {Wiley},
}

@Book{book,
  author = {Burrus, C Sidney Gopinath, Ramesh Guo, Haitao},
  title  = {Introduction to Wavelets and Wavelet Transforms: A Primer},
  year   = {1998},
}

@Article{Aydemir2016,
  author  = {Aydemir, Onder Kayikciotlu, Temel},
  title   = {Investigation of the most appropriate mother wavelet for characterizing imaginary EEG signals used in BCI systems},
  journal = {Turkish Journal of Electrical Engineering and Computer Sciences},
  year    = {2016},
}

@Comment{jabref-meta: databaseType:biblatex;}
